@book{van2013history,
  title={A History of Algebra: From al-Khw{\=a}rizm{\=\i} to Emmy Noether},
  author={van der Waerden, B.L.},
  isbn={9783642515996},
  year={2013},
  publisher={Springer Berlin Heidelberg}
}
